@inproceedings{wang2022semi,
  title     = {Semi-supervised semantic segmentation using unreliable pseudo-labels},
  author    = {Wang, Yuchao and Wang, Haochen and Shen, Yujun and Fei, Jingjing and Li, Wei and Jin, Guoqiang and Wu, Liwei and Zhao, Rui and Le, Xinyi},
  booktitle = {Proceedings of the IEEE/CVF conference on computer vision and pattern recognition},
  pages     = {4248--4257},
  year      = {2022}
}
@article{zhang2021flexmatch,
  title   = {Flexmatch: Boosting semi-supervised learning with curriculum pseudo labeling},
  author  = {Zhang, Bowen and Wang, Yidong and Hou, Wenxin and Wu, Hao and Wang, Jindong and Okumura, Manabu and Shinozaki, Takahiro},
  journal = {Advances in Neural Information Processing Systems},
  volume  = {34},
  pages   = {18408--18419},
  year    = {2021}
}
@article{sohn2020fixmatch,
  title   = {Fixmatch: Simplifying semi-supervised learning with consistency and confidence},
  author  = {Sohn, Kihyuk and Berthelot, David and Carlini, Nicholas and Zhang, Zizhao and Zhang, Han and Raffel, Colin A and Cubuk, Ekin Dogus and Kurakin, Alexey and Li, Chun-Liang},
  journal = {Advances in neural information processing systems},
  volume  = {33},
  pages   = {596--608},
  year    = {2020}
}
@article{tarvainen2017mean,
  title   = {Mean teachers are better role models: Weight-averaged consistency targets improve semi-supervised deep learning results},
  author  = {Tarvainen, Antti and Valpola, Harri},
  journal = {Advances in neural information processing systems},
  volume  = {30},
  year    = {2017}
}
@article{mummadi2021test,
  title   = {Test-time adaptation to distribution shift by confidence maximization and input transformation},
  author  = {Mummadi, Chaithanya Kumar and Hutmacher, Robin and Rambach, Kilian and Levinkov, Evgeny and Brox, Thomas and Metzen, Jan Hendrik},
  journal = {arXiv preprint arXiv:2106.14999},
  year    = {2021}
}
@article{patel2015visual,
  title     = {Visual domain adaptation: A survey of recent advances},
  author    = {Patel, Vishal M and Gopalan, Raghuraman and Li, Ruonan and Chellappa, Rama},
  journal   = {IEEE signal processing magazine},
  volume    = {32},
  number    = {3},
  pages     = {53--69},
  year      = {2015},
  publisher = {IEEE}
}
@article{pan2010domain,
  title     = {Domain adaptation via transfer component analysis},
  author    = {Pan, Sinno Jialin and Tsang, Ivor W and Kwok, James T and Yang, Qiang},
  journal   = {IEEE transactions on neural networks},
  volume    = {22},
  number    = {2},
  pages     = {199--210},
  year      = {2010},
  publisher = {IEEE}
}
@inproceedings{yuan2023robust,
  title     = {Robust test-time adaptation in dynamic scenarios},
  author    = {Yuan, Longhui and Xie, Binhui and Li, Shuang},
  booktitle = {Proceedings of the IEEE/CVF Conference on Computer Vision and Pattern Recognition},
  pages     = {15922--15932},
  year      = {2023}
}
@article{liang2023comprehensive,
  title   = {A comprehensive survey on test-time adaptation under distribution shifts},
  author  = {Liang, Jian and He, Ran and Tan, Tieniu},
  journal = {arXiv preprint arXiv:2303.15361},
  year    = {2023}
}

@article{chalup2002incremental,
  title     = {Incremental learning in biological and machine learning systems},
  author    = {Chalup, Stephan K},
  journal   = {International Journal of Neural Systems},
  volume    = {12},
  number    = {06},
  pages     = {447--465},
  year      = {2002},
  publisher = {World Scientific}
}
@inproceedings{he2016deep,
  title     = {Deep residual learning for image recognition},
  author    = {He, Kaiming and Zhang, Xiangyu and Ren, Shaoqing and Sun, Jian},
  booktitle = {Proceedings of the IEEE conference on computer vision and pattern recognition},
  pages     = {770--778},
  year      = {2016}
}
@article{dosovitskiy2020image,
  title   = {An Image is Worth 16x16 Words: Transformers for Image Recognition at Scale},
  author  = {Dosovitskiy, Alexey and Beyer, Lucas and Kolesnikov, Alexander and Weissenborn, Dirk and Zhai, Xiaohua and Unterthiner, Thomas and  Dehghani, Mostafa and Minderer, Matthias and Heigold, Georg and Gelly, Sylvain and Uszkoreit, Jakob and Houlsby, Neil},
  journal = {ICLR},
  year    = {2021}
}

@article{ren2015faster,
  title   = {Faster r-cnn: Towards real-time object detection with region proposal networks},
  author  = {Ren, Shaoqing and He, Kaiming and Girshick, Ross and Sun, Jian},
  journal = {Advances in neural information processing systems},
  volume  = {28},
  year    = {2015}
}
@article{zhu2020deformable,
  title   = {Deformable DETR: Deformable Transformers for End-to-End Object Detection},
  author  = {Zhu, Xizhou and Su, Weijie and Lu, Lewei and Li, Bin and Wang, Xiaogang and Dai, Jifeng},
  journal = {arXiv preprint arXiv:2010.04159},
  year    = {2020}
}
@article{chen2017deeplab,
  title   = {Deeplab: Semantic image segmentation with deep convolutional nets, atrous convolution, and fully connected crfs},
  author  = {Chen, Liang-Chieh and Papandreou, George and Kokkinos, Iasonas and Murphy, Kevin and Yuille, Alan L},
  journal = {IEEE transactions on pattern analysis and machine intelligence},
  volume  = {40},
  number  = {4},
  pages   = {834--848},
  year    = {2017}
}
@article{xie2021segformer,
  title   = {SegFormer: Simple and efficient design for semantic segmentation with transformers},
  author  = {Xie, Enze and Wang, Wenhai and Yu, Zhiding and Anandkumar, Anima and Alvarez, Jose M and Luo, Ping},
  journal = {Advances in neural information processing systems},
  volume  = {34},
  pages   = {12077--12090},
  year    = {2021}
}
@article{arnold2019survey,
  title   = {A survey on 3d object detection methods for autonomous driving applications},
  author  = {Arnold, Eduardo and Al-Jarrah, Omar Y and Dianati, Mehrdad and Fallah, Saber and Oxtoby, David and Mouzakitis, Alex},
  journal = {IEEE Transactions on Intelligent Transportation Systems},
  volume  = {20},
  number  = {10},
  pages   = {3782--3795},
  year    = {2019}
}
@article{huang2020autonomous,
  title   = {Autonomous driving with deep learning: A survey of state-of-art technologies},
  author  = {Huang, Yu and Chen, Yue},
  journal = {arXiv preprint arXiv:2006.06091},
  year    = {2020}
}
@article{liu2023vida,
  title   = {ViDA: Homeostatic Visual Domain Adapter for Continual Test Time Adaptation},
  author  = {Liu, Jiaming and Yang, Senqiao and Jia, Peidong and Lu, Ming and Guo, Yandong and Xue, Wei and Zhang, Shanghang},
  journal = {arXiv preprint arXiv:2306.04344},
  year    = {2023}
}


@article{ovadia2019can,
  title   = {Can you trust your model's uncertainty? evaluating predictive
             uncertainty under dataset shift},
  author  = {Ovadia, Yaniv and Fertig, Emily and Ren, Jie and Nado, Zachary and
             Sculley, David and Nowozin, Sebastian and Dillon, Joshua and
             Lakshminarayanan, Balaji and Snoek, Jasper},
  journal = {Advances in neural information processing systems},
  volume  = {32},
  year    = {2019}
}

@inproceedings{roy2022uncertainty,
  title        = {Uncertainty-guided source-free domain adaptation},
  author       = {Roy, Subhankar and Trapp, Martin and Pilzer, Andrea and Kannala,
                  Juho and Sebe, Nicu and Ricci, Elisa and Solin, Arno},
  booktitle    = {Computer Vision--ECCV 2022: 17th European Conference, Tel Aviv,
                  Israel, October 23--27, 2022, Proceedings, Part XXV},
  pages        = {537--555},
  year         = {2022},
  organization = {Springer}
}

@inproceedings{gan2023decorate,
  title     = {Decorate the newcomers: Visual domain prompt for continual test time adaptation},
  author    = {Gan, Yulu and Bai, Yan and Lou, Yihang and Ma, Xianzheng and Zhang, Renrui and Shi, Nian and Luo, Lin},
  booktitle = {Proceedings of the AAAI Conference on Artificial Intelligence},
  volume    = {37},
  number    = {6},
  pages     = {7595--7603},
  year      = {2023}
}
@article{gao2022visual,
  title   = {Visual prompt tuning for test-time domain adaptation},
  author  = {Gao, Yunhe and Shi, Xingjian and Zhu, Yi and Wang, Hao and Tang, Zhiqiang and Zhou, Xiong and Li, Mu and Metaxas, Dimitris N},
  journal = {arXiv preprint arXiv:2210.04831},
  year    = {2022}
}
@inproceedings{wang2021tent,
  title     = {Tent: Fully Test-Time Adaptation by Entropy Minimization},
  author    = {Wang, Dequan and Shelhamer, Evan and Liu, Shaoteng and Olshausen, Bruno and Darrell, Trevor},
  booktitle = {International Conference on Learning Representations},
  year      = {2021}
}
@inproceedings{wang2022continual,
  title     = {Continual test-time domain adaptation},
  author    = {Wang, Qin and Fink, Olga and Van Gool, Luc and Dai, Dengxin},
  booktitle = {Proceedings of the IEEE/CVF Conference on Computer Vision and Pattern Recognition},
  pages     = {7201--7211},
  year      = {2022}
}
@inproceedings{riemer2018learning,
  title     = {Learning to learn without forgetting by maximizing transfer and minimizing interference},
  author    = {Riemer, Matthew and Cases, Ignacio and Ajemian, Robert and Liu, Miao and Rish, Irina and Tu, Yuhai and Tesauro, Gerald},
  booktitle = {International Conference on Learning Representations},
  year      = {2018}
}
@inproceedings{knoblauch2020optimal,
  title        = {Optimal continual learning has perfect memory and is np-hard},
  author       = {Knoblauch, Jeremias and Husain, Hisham and Diethe, Tom},
  booktitle    = {International Conference on Machine Learning},
  pages        = {5327--5337},
  year         = {2020},
  organization = {PMLR}
}


@article{KaimingHe2015DelvingDI,
  title   = {Delving Deep into Rectifiers: Surpassing Human-Level Performance on ImageNet Classification},
  author  = {Kaiming He and Xiangyu Zhang and Shaoqing Ren and Jian Sun},
  journal = {international conference on computer vision},
  year    = {2015}
}
@inproceedings{DequanWangetal2021,
  title     = {Tent: Fully Test-Time Adaptation by Entropy Minimization},
  author    = {Dequan Wang and Evan Shelhamer and Shaoteng Liu and Bruno A. Olshausen and Trevor Darrell},
  booktitle = {ICLR},
  year      = {2021}
}


@inproceedings{song2023ecotta,
  title     = {EcoTTA: Memory-Efficient Continual Test-time Adaptation via Self-distilled Regularization},
  author    = {Song, Junha and Lee, Jungsoo and Kweon, In So and Choi, Sungha},
  booktitle = {Proceedings of the IEEE/CVF Conference on Computer Vision and Pattern Recognition},
  pages     = {11920--11929},
  year      = {2023}
}


@inproceedings{Leeetal2013,
  title  = {Pseudo-Label : The Simple and Efficient Semi-Supervised Learning Method for Deep Neural Networks},
  author = {Dong-Hyun Lee},
  year   = {2013}
}
@inproceedings{douillard2022dytox,
  title     = {Dytox: Transformers for continual learning with dynamic token expansion},
  author    = {Douillard, Arthur and Ram{\'e}, Alexandre and Couairon, Guillaume and Cord, Matthieu},
  booktitle = {Proceedings of the IEEE/CVF Conference on Computer Vision and Pattern Recognition},
  pages     = {9285--9295},
  year      = {2022}
}
@inproceedings{smith2023coda,
  title     = {Coda-prompt: Continual decomposed attention-based prompting for rehearsal-free continual learning},
  author    = {Smith, James Seale and Karlinsky, Leonid and Gutta, Vyshnavi and Cascante-Bonilla, Paola and Kim, Donghyun and Arbelle, Assaf and Panda, Rameswar and Feris, Rogerio and Kira, Zsolt},
  booktitle = {Proceedings of the IEEE/CVF Conference on Computer Vision and Pattern Recognition},
  pages     = {11909--11919},
  year      = {2023}
}
@inproceedings{zhang2023domainadaptor,
  title     = {Domainadaptor: A novel approach to test-time adaptation},
  author    = {Zhang, Jian and Qi, Lei and Shi, Yinghuan and Gao, Yang},
  booktitle = {Proceedings of the IEEE/CVF International Conference on Computer Vision},
  pages     = {18971--18981},
  year      = {2023}
}

 @inproceedings{Kundu_2021,
  title     = {Generalize then Adapt: Source-Free Domain Adaptive Semantic Segmentation},
  booktitle = {2021 IEEE/CVF International Conference on Computer Vision (ICCV)},
  author    = {Kundu, Jogendra Nath and Kulkarni, Akshay and Singh, Amit and Jampani, Varun and Babu, R. Venkatesh},
  year      = {2021},
  month     = oct
}

@inproceedings{zhang2023adanpc,
  title        = {Adanpc: Exploring non-parametric classifier for test-time adaptation},
  author       = {Zhang, Yifan and Wang, Xue and Jin, Kexin and Yuan, Kun and Zhang, Zhang and Wang, Liang and Jin, Rong and Tan, Tieniu},
  booktitle    = {International Conference on Machine Learning},
  pages        = {41647--41676},
  year         = {2023},
  organization = {PMLR}
}
@inproceedings{he2023parameter,
  title     = {Parameter-efficient model adaptation for vision transformers},
  author    = {He, Xuehai and Li, Chunyuan and Zhang, Pengchuan and Yang, Jianwei and Wang, Xin Eric},
  booktitle = {Proceedings of the AAAI Conference on Artificial Intelligence},
  volume    = {37},
  number    = {1},
  pages     = {817--825},
  year      = {2023}
}
@article{wang2023fvp,
  title     = {Fvp: Fourier visual prompting for source-free unsupervised domain adaptation of medical image segmentation},
  author    = {Wang, Yan and Cheng, Jian and Chen, Yixin and Shao, Shuai and Zhu, Lanyun and Wu, Zhenzhou and Liu, Tao and Zhu, Haogang},
  journal   = {IEEE Transactions on Medical Imaging},
  year      = {2023},
  publisher = {IEEE}
}
@article{jiang2024res,
  title   = {Res-tuning: A flexible and efficient tuning paradigm via unbinding tuner from backbone},
  author  = {Jiang, Zeyinzi and Mao, Chaojie and Huang, Ziyuan and Ma, Ao and Lv, Yiliang and Shen, Yujun and Zhao, Deli and Zhou, Jingren},
  journal = {Advances in Neural Information Processing Systems},
  volume  = {36},
  year    = {2024}
}
@article{chen2022adaptformer,
  title   = {Adaptformer: Adapting vision transformers for scalable visual recognition},
  author  = {Chen, Shoufa and Ge, Chongjian and Tong, Zhan and Wang, Jiangliu and Song, Yibing and Wang, Jue and Luo, Ping},
  journal = {Advances in Neural Information Processing Systems},
  volume  = {35},
  pages   = {16664--16678},
  year    = {2022}
}
@inproceedings{boudiaf2022parameter,
  title     = {Parameter-free online test-time adaptation},
  author    = {Boudiaf, Malik and Mueller, Romain and Ben Ayed, Ismail and Bertinetto, Luca},
  booktitle = {Proceedings of the IEEE/CVF Conference on Computer Vision and Pattern Recognition},
  pages     = {8344--8353},
  year      = {2022}
}
@article{rebuffi2017learning,
  title   = {Learning multiple visual domains with residual adapters},
  author  = {Rebuffi, Sylvestre-Alvise and Bilen, Hakan and Vedaldi, Andrea},
  journal = {Advances in neural information processing systems},
  volume  = {30},
  year    = {2017}
}
@inproceedings{hu2021lora,
  title     = {Lo{RA}: Low-Rank Adaptation of Large Language Models},
  author    = {Edward J Hu and Yelong Shen and Phillip Wallis and Zeyuan Allen-Zhu and Yuanzhi Li and Shean Wang and Lu Wang and Weizhu Chen},
  booktitle = {International Conference on Learning Representations},
  year      = {2022},
  url       = {https://openreview.net/forum?id=nZeVKeeFYf9}
}

@article{van2008visualizing,
  title   = {Visualizing data using t-SNE.},
  author  = {Van der Maaten, Laurens and Hinton, Geoffrey},
  journal = {Journal of machine learning research},
  volume  = {9},
  number  = {11},
  year    = {2008}
}

@article{kingma2014adam,
  title   = {Adam: A method for stochastic optimization},
  author  = {Kingma, Diederik P and Ba, Jimmy},
  journal = {arXiv preprint arXiv:1412.6980},
  year    = {2014}
}
@inproceedings{cordts2016cityscapes,
  title     = {The cityscapes dataset for semantic urban scene understanding},
  author    = {Cordts, Marius and Omran, Mohamed and Ramos, Sebastian and Rehfeld, Timo and Enzweiler, Markus and Benenson, Rodrigo and Franke, Uwe and Roth, Stefan and Schiele, Bernt},
  booktitle = {Proceedings of the IEEE conference on computer vision and pattern recognition},
  pages     = {3213--3223},
  year      = {2016}
}
@inproceedings{sakaridis2021acdc,
  title     = {ACDC: The adverse conditions dataset with correspondences for semantic driving scene understanding},
  author    = {Sakaridis, Christos and Dai, Dengxin and Van Gool, Luc},
  booktitle = {Proceedings of the IEEE/CVF International Conference on Computer Vision},
  pages     = {10765--10775},
  year      = {2021}
}
@article{hendrycks2019benchmarking,
  title   = {Benchmarking Neural Network Robustness to Common Corruptions and Perturbations},
  author  = {Dan Hendrycks and Thomas Dietterich},
  journal = {Proceedings of the International Conference on Learning Representations},
  year    = {2019}
}

@article{krizhevsky2009learning,
  title  = {Learning multiple layers of features from tiny images},
  author = {Krizhevsky, Alex and Hinton, Geoffrey and others},
  year   = {2009}
}
@article{vu2021spot,
  title   = {Spot: Better frozen model adaptation through soft prompt transfer},
  author  = {Vu, Tu and Lester, Brian and Constant, Noah and Al-Rfou, Rami and Cer, Daniel},
  journal = {arXiv preprint arXiv:2110.07904},
  year    = {2021}
}
@article{hu2021knowledgeable,
  title   = {Knowledgeable prompt-tuning: Incorporating knowledge into prompt verbalizer for text classification},
  author  = {Hu, Shengding and Ding, Ning and Wang, Huadong and Liu, Zhiyuan and Wang, Jingang and Li, Juanzi and Wu, Wei and Sun, Maosong},
  journal = {arXiv preprint arXiv:2108.02035},
  year    = {2021}
}
@article{zaken2021bitfit,
  title   = {Bitfit: Simple parameter-efficient fine-tuning for transformer-based masked language-models},
  author  = {Zaken, Elad Ben and Ravfogel, Shauli and Goldberg, Yoav},
  journal = {arXiv preprint arXiv:2106.10199},
  year    = {2021}
}
@article{mcnaughton1995there,
  title   = {Why there are complementary learning systems in the hippocampus and neocortex: Insights from the successes and failures of},
  author  = {McNaughton, Bruce L and O’Reilly, Randall C},
  journal = {Psychological Review},
  volume  = {102},
  number  = {3},
  pages   = {419--457},
  year    = {1995}
}
@article{kumaran2016learning,
  title   = {What learning systems do intelligent agents need? Complementary learning systems theory updated},
  author  = {Kumaran, Dharshan and Hassabis, Demis and McClelland, James L},
  journal = {Trends in cognitive sciences},
  volume  = {20},
  number  = {7},
  pages   = {512--534},
  year    = {2016}
}

@article{Selvaraju_2019,
  title     = {Grad-CAM: Visual Explanations from Deep Networks via Gradient-Based Localization},
  volume    = {128},
  issn      = {1573-1405},
  url       = {http://dx.doi.org/10.1007/s11263-019-01228-7},
  doi       = {10.1007/s11263-019-01228-7},
  number    = {2},
  journal   = {International Journal of Computer Vision},
  publisher = {Springer Science and Business Media LLC},
  author    = {Selvaraju, Ramprasaath R. and Cogswell, Michael and Das, Abhishek and Vedantam, Ramakrishna and Parikh, Devi and Batra, Dhruv},
  year      = {2019},
  month     = oct,
  pages     = {336–359}
}

